<?xml version="1.0" encoding="UTF-8"?>
<record xmlns="http://www.loc.gov/MARC21/slim">
   <leader>02158cam a2200397 a 4500</leader>
   <controlfield tag="001">198403</controlfield>
   <controlfield tag="003">NjP</controlfield>
   <controlfield tag="005">20170605125908.0</controlfield>
   <controlfield tag="008">831221m19609999iq            000 0 ara d</controlfield>
   <datafield tag="024" ind1="7" ind2=" ">
      <subfield code="a">princeton_aco003486</subfield>
      <subfield code="2">local</subfield>
   </datafield>
   <datafield ind1=" " ind2=" " tag="035">
      <subfield code="a">(OCoLC)ocn175451679</subfield>
   </datafield>
   <datafield ind1=" " ind2=" " tag="035">
      <subfield code="a">(OCoLC)25338731</subfield>
   </datafield>
   <datafield ind1=" " ind2=" " tag="040">
      <subfield code="a">NjP</subfield>
      <subfield code="c">PUL</subfield>
      <subfield code="d">PUL</subfield>
   </datafield>
   <datafield ind1=" " ind2=" " tag="066">
      <subfield code="c">(3</subfield>
   </datafield>
   <datafield ind1=" " ind2=" " tag="035">
      <subfield code="a">(OCoLC)175451679</subfield>
   </datafield>
   <datafield ind1=" " ind2=" " tag="035">
      <subfield code="a">(CStRLIN)NJPG83-B85031</subfield>
   </datafield>
   <datafield ind1=" " ind2=" " tag="035">
      <subfield code="9">ABB3339TS</subfield>
   </datafield>
   <datafield ind1=" " ind2=" " tag="035">
      <subfield code="a">(NjP)198403</subfield>
   </datafield>
   <datafield ind1=" " ind2=" " tag="079">
      <subfield code="a">ocm25338731</subfield>
   </datafield>
   <datafield ind1=" " ind2=" " tag="049">
      <subfield code="a">PULL</subfield>
   </datafield>
   <datafield ind1="1" ind2=" " tag="100">
      <subfield code="6">880-01</subfield>
      <subfield code="a">Shīrāzī, Muḥammad al-Mahdī al-Ḥusaynī,</subfield>
      <subfield code="d">1928 or 9-</subfield>
   </datafield>
   <datafield ind1="1" ind2="3" tag="245">
      <subfield code="6">880-02</subfield>
      <subfield code="a">al-Fiqh :</subfield>
      <subfield code="b">wa-huwá sharḥ istidlālī ʻalá kitāb al-ʻUrwah al-wuthqá li-āyat allāh al-marḥūm al-sayyid Muḥammad Kāẓim al-Ṭabāṭabāʼī al-Yazdī "Qadah" /</subfield>
      <subfield code="c">Muḥammad al-Mahdī al-Ḥusaynī al-Shīrāzī.</subfield>
   </datafield>
   <datafield ind1=" " ind2=" " tag="260">
      <subfield code="6">880-03</subfield>
      <subfield code="a">al-Najaf al-Ashraf :</subfield>
      <subfield code="b">Maṭbaʻat al-Ādāb,</subfield>
      <subfield code="c">[1962?]</subfield>
   </datafield>
   <datafield ind1=" " ind2=" " tag="300">
      <subfield code="a">v. ;</subfield>
      <subfield code="c">25 cm.</subfield>
   </datafield>
   <datafield ind1=" " ind2=" " tag="500">
      <subfield code="a">Imprint varies.</subfield>
   </datafield>
   <datafield ind1="1" ind2=" " tag="505">
      <subfield code="6">880-04</subfield>
      <subfield code="a">V. 1. Fī al-ijtihād wa-al-taqlīd -- V. 2. [al-Ḥajj], al-juzʼ 1, 1963 -- V. 3. [al-Ḥajj], al-juzʼ 2 -- v. 4. Kitāb al-zakāh 1, 1967.</subfield>
   </datafield>
   <datafield ind1=" " ind2="0" tag="650">
      <subfield code="a">Shīʻah</subfield>
      <subfield code="x">Customs and practices.</subfield>
      <subfield code="0">http://id.loc.gov/authorities/subjects/sh85121428</subfield>
   </datafield>
   <datafield ind1="1" ind2="0" tag="600">
      <subfield code="a">Ṭabāṭabāʼī al-Yazdī, Muḥammad Kāẓim,</subfield>
      <subfield code="d">-1919.</subfield>
      <subfield code="t">ʻUrwah al-wuthqá.</subfield>
   </datafield>
   <datafield ind1="1" ind2=" " tag="880">
      <subfield code="6">100-01/(3/r</subfield>
      <subfield code="a">شيرازي، محمد المهدي الحسيني،</subfield>
      <subfield code="d">1928 or 9-</subfield>
   </datafield>
   <datafield ind1="1" ind2="2" tag="880">
      <subfield code="6">245-02/(3/r</subfield>
      <subfield code="a">الفقه :</subfield>
      <subfield code="b">وهوى شرح استدلالي على كتاب العروة الوثقى لاية الله المرحوم السيد محمد كاظم الطباطبائي اليزدي "قده" /</subfield>
      <subfield code="c">محمد المهدي الحسيني الشيرازي.</subfield>
   </datafield>
   <datafield ind1=" " ind2=" " tag="880">
      <subfield code="6">260-03/(3/r</subfield>
      <subfield code="a">النجف الاشرف :</subfield>
      <subfield code="b">مطبعة الاداب،</subfield>
      <subfield code="c">[1962؟]</subfield>
   </datafield>
   <datafield ind1=" " ind2=" " tag="880">
      <subfield code="6">505-04/(3/r</subfield>
      <subfield code="a">v. 1. في الاجتهاد والتقليد v. 2. [الحج]، الجزء 1، 1963 v. 3. [الحج]، الجزء 2 v. 4. كتاب الزكاه 1، 1967.</subfield>
   </datafield>
   <datafield ind1=" " ind2=" " tag="998">
      <subfield code="a">06/21/91</subfield>
      <subfield code="s">9114</subfield>
      <subfield code="n">NjP</subfield>
      <subfield code="w">NJPG83B85031</subfield>
      <subfield code="d">12/21/83</subfield>
      <subfield code="c">SSH</subfield>
      <subfield code="b">HW</subfield>
      <subfield code="i">910621</subfield>
      <subfield code="l">NJPG</subfield>
   </datafield>
   <datafield ind1=" " ind2=" " tag="948">
      <subfield code="a">CON PC1</subfield>
   </datafield>
   <datafield ind1=" " ind2=" " tag="911">
      <subfield code="a">19921028</subfield>
   </datafield>
   <datafield ind1=" " ind2=" " tag="912">
      <subfield code="a">19980515040448.0</subfield>
   </datafield>
   <datafield ind1=" " ind2=" " tag="994">
      <subfield code="a">C0</subfield>
      <subfield code="b">PUL</subfield>
   </datafield>
   <datafield ind1=" " ind2=" " tag="999">
      <subfield code="a">198403</subfield>
   </datafield>
   <datafield ind1="0" ind2="1" tag="852">
      <subfield code="0">218162</subfield>
      <subfield code="b">rcppa</subfield>
      <subfield code="t">1</subfield>
      <subfield code="h">BP194.2.T4</subfield>
      <subfield code="i">S4 1962</subfield>
      <subfield code="x">tr fr arab</subfield>
   </datafield>
   <datafield ind1=" " ind2="0" tag="866">
      <subfield code="0">218162</subfield>
      <subfield code="a">vol. 1-4</subfield>
   </datafield>
   <datafield ind1=" " ind2="0" tag="866">
      <subfield code="0">218162</subfield>
      <subfield code="x">Iraqi national bibliography, 1856-1972, lists 5 v. but closes in 1963 RLIN ID to Serials.</subfield>
   </datafield>
   <datafield ind1=" " ind2=" " tag="959">
      <subfield code="a">2005-09-07 15:09:37 -0400</subfield>
   </datafield>
</record>
